
%1
@INPROCEEDINGS{sutherland2007,  author={Sutherland, Jeff and Viktorov, Anton and Blount, Jack and Puntikov, Nikolai},  booktitle={2007 40th Annual Hawaii International Conference on System Sciences (HICSS'07)},   title={Distributed Scrum: Agile Project Management with Outsourced Development Teams},   year={2007},  volume={},  number={},  pages={274a-274a},  doi={10.1109/HICSS.2007.180}}

%2
@InBook{fattah2020,
	author = {Fattah, Abdel and El-Sayed, M},
	title = {Tilapia Culture. 2nd Edition},
	year = {2020},
	month = {},
	abstract = {This chapter describes the current status and future potential of tilapia culture. It starts with a historical review on the global development of tilapia culture industry and the phases it went through since 1970. Global production statistics of both wild-captured and farmed tilapia is provided. Regional and country production; farmed tilapia species and production environments in Asia, Africa and the Americas; the major tilapia producers are also highlighted. The chapter ends with the future potentials of tilapia culture industry and the major constraints and challenges facing the development of this industry..},
	publisher = {Elsevier},
	address = {London},
	url = {https://doi.org/10.1016/B978-0-12-816509-6.00001-X},
}

%3
@online{kkp2022,
	author={KKP},
	year={2022},
	title={Satu Data KKP: Statistik Produksi Perikanan},
	url = { https://satudata.kkp.go.id/},
    	addendum = {accessed: 16.07.2022},
}

%4
@InBook{samocha2019,
	author = {Samocha, T.M},
	title = {Sustainable Biofloc System for Marine Shrim},
	year = {2019},
	publisher = {Elsevier},
	address = {London},
	editor = {Laura Okidi},
	month = {},
	abstract = {This chapter reviews the history of the biofloc concept. First mentioned in the 1960s, it was put into practice in the 1970s in aquaculture research by the French and in the United States. One of the first commercial applications was in 1988 in outdoor shrimp ponds in Tahiti. In 1997 a farm in Belize made major progress by achieving per-crop yields of up to 26 tons per hectare, along with lower food conversion ratios and a more stable growing environment. This naturally attracted industry attention and, with the Belize work as a model, biofloc culture continues to expand today. After a discussion of the pros and cons of the biofloc approach and a cost comparison of pond versus indoor culture, the chapter ends with a brief summary of the remaining content of this manual..},
	publisher = {Academic Press},
	url = {https://doi.org/10.1016/B978-0-12-818040-2.00001-0.},
}

%5
@inproceedings{setiawan2021,
	title={Teknologi Bioflok dalam Budidaya Ikan Nila},
	author={Setiawan, H},
	booktitle={Training Bioflok Farm Tilapia},
	year={2021},
}

%6
@article{supriati2018,
	title={Model Perancangan Sistem Informasi Akuntansi Budidaya Perikanan Berbasis SAK EMKM dan Android},
	author={Supriati and Rizki, D.M},
	journal={Open Journal â€“ Universitas Komputer Indonesia},
	volume={3},
	number={02},
	pages={301-3016},
	year={2018},
}

%7
@article{widhiastika2021,
	title={Perancangan Aplikasi Jual Beli Produk Perikanan Berbasis Mobile Android (Studi Kasus : FO-KLIK)},
	author={Widhiastika, D and Siroi, S.B and Umayati, A.W and Rafino, N.F and Putra, B.A},
	journal={JURNAL LEMURU},
	volume={3},
	number={01},
	pages={33-44},
	year={2021},
}

%8
@article{bangkit2016,
	title={Pengembangan Budidaya Ikan Air Tawar Berkreatif di Karanganyar},
	author={Bangkit, S},
	year={2016}
}

%9
@article{fadhil2010,
	title={Teknologi Sistem Akuakultur Resirkulasi untuk Meneningkatkan Produksi Perikanan Darat di Aceh},
	author={Fadhil, R and Johari, E and Farah, S.T and Salih, M},
	journal={Aceh Development International Conference 2010},
	year={2010},
}

%10
@article{thesiana2015,
	title={Uji Performansi Teknologi Recirculating Aquaculture System (RAS) terhadap Kondisi Kualitas Air pada Pendederan Lobster Pasir Panulirus homarus},
	author={Thesiana, L and Pamungkasi, A},
	journal={Jurnal Kelautan Nasional},
	volume={10},
	number={02},
	pages={65-73},
	year={2015},
}

%11
@article{dalsgaard2013,
	title={Farming Different Species in RAS in Nordic Countries: Current Status and Future Perspectives},
	author={Dalsgaard, J and  Lund, I and Thorarinsdottir, R and Drengstig, A and Arvonen, K and Pedersen, P.B},
	journal={Journal of Aquacultural Engineering},
	volume={53},
	pages={2-13},
	year={2015},
}

%12
@article{kelvin2021,
	title={RANCANG BANGUN APLIKASI BERBASIS ANDROID UNTUK BRAND CLOTHING SAND BEACH DENGAN SKEMA DISKON MENGGUNAKAN HUNGARIAN ALGORITHM},
	author={Kelvin, A.B.I and Dian, G},
	journal={Jurnal Sistem Informasi Universitas Surya Darmal},
	volume={8},
	number={01},
	year={2021},
}

%13
@article{napoli2019,
	title={Introducing Flutter and Getting Started},
	author={Napoli},
	year={2019}
}

%14
@InBook{effendie1997,
	author = {Effendie, Ichsan},
	title = {Biologi perikanan},
	year = {1997},
	publisher = {Yayasan Pustaka Nusatama},
	address = {Yogyakarta},
}

%15
@InBook{avnimelech2009,
	author = {Avnimelech, Y},
	title = {Biofloc Technology-A Practical Guide Book},
	year = {2009},
	publisher = {The World Aquaculture Society},
	address = {Louisiana},
}

%16
@article{taw2012,
	title={Recent Development in Biofloc Technology biosecure system improve economics, sustaiability},
	author={Taw, N},
	journal={Global Aquac},
	number={01},
	pages = {28-29},
	year={2012},
}

%17
@online{sutherland2020,
	author={Sutherland, Jeff and Schwaber, Ken},
	title={scrumguides},
	year={2020},
	url = {https://scrumguides.org/},
    	addendum = {accessed: 18.08.2022},
}

%18
@article{lee2018,
	author = {Keat, Lee and Chuah, Chai Wen},
	year = {2018},
	month = {09},
	pages = {},
	title = {Smart Indoor Home Surveillance Monitoring System Using Raspberry Pi},
	volume = {2},
	journal = {JOIV : International Journal on Informatics Visualization},
	doi = {10.30630/joiv.2.4-2.172}
}